<?xml version="1.0" encoding="UTF-8"?><collection xmlns="http://www.loc.gov/MARC21/slim"><record><leader>00587nam--2200181-i-4500</leader><controlfield tag="001">000010487</controlfield><controlfield tag="002">20161230</controlfield><controlfield tag="005">20161230201028</controlfield><controlfield tag="008">060222s1000------------r-----000-0-fre-d</controlfield><datafield ind1=" " ind2=" " tag="040"><subfield code="a">IFIN-HH</subfield></datafield><datafield ind1=" " ind2=" " tag="041"><subfield code="a">fre</subfield></datafield><datafield ind1=" " ind2=" " tag="080"><subfield code="a">539.12.172:015</subfield></datafield><datafield ind1="1" ind2=" " tag="100"><subfield code="a">Bouquet, B</subfield></datafield><datafield ind1="1" ind2="0" tag="245"><subfield code="a">Mesure du rapport des sections efficaces de diffusion elastique positron-proton-proton et electron-proton a 180 a grand transfert</subfield><subfield code="b">These - article principal</subfield><subfield code="c">B. bouquet</subfield></datafield><datafield ind1=" " ind2=" " tag="260"><subfield code="a">Orsay</subfield><subfield code="b">Faculte Des Sciences</subfield><subfield code="c">1971</subfield></datafield><datafield ind1=" " ind2=" " tag="300"><subfield code="a">7 P. + 3 FIGURES</subfield></datafield><datafield ind1=" " ind2=" " tag="852"><subfield code="a">38107</subfield><subfield code="c">539.12</subfield></datafield><datafield ind1=" " ind2=" " tag="CAT"><subfield code="a">Sys</subfield><subfield code="c">20111123</subfield><subfield code="h">095549</subfield></datafield></record></collection>